 
  @article{larson1974hypercube,
    title={A hypercube queuing model for facility location and redistricting in urban emergency services},
    author={Larson, Richard C},
    journal={Computers \& Operations Research},
    volume={1},
    number={1},
    pages={67--95},
    year={1974},
    publisher={Elsevier}
  }
  %  \bibitem{larson1974hypercube}
  %    Larson, Richard C,
  %    \emph{A hypercube queuing model for facility location and redistricting in urban emergency services},
  %    Computers \& Operations Research, volume 1, number 1, pages 67--95, Elsevier, 1974.
  
  @article{larson1975approximating,
    title={Approximating the performance of urban emergency service systems},
    author={Larson, Richard C},
    journal={Operations Research},
    volume={23},
    number={5},
    pages={845--868},
    year={1975},
    publisher={INFORMS}
  }
  %  \bibitem{larson1975approximating}
  %    Larson, Richard C,
  %    \emph{Approximating the performance of urban emergency service systems},
  %    Operations Research, volume 23, number 5, pages 845--868, INFORMS, 1975.
  
  @article{jarvis1985approximating,
    title={Approximating the equilibrium behavior of multi-server loss systems},
    author={Jarvis, James P},
    journal={Management Science},
    volume={31},
    number={2},
    pages={235--239},
    year={1985},
    publisher={INFORMS}
  }
  %  \bibitem{jarvis1985approximating}
  %    Jarvis, James P,
  %    \emph{Approximating the equilibrium behavior of multi-server loss systems},
  %    Management Science, volume 31, number 2, pages 235--239, INFORMS, 1985.

  @article{berman1987stochastic,
    title={The stochastic queue p-median problem},
    author={Berman, Oded and Larson, RC and Parkan, Celik},
    journal={Transportation Science},
    volume={21},
    number={3},
    pages={207--216},
    year={1987},
    publisher={INFORMS}
  }
  %  \bibitem{berman1987stochastic}
  %    Berman, Oded and Larson, RC and Parkan, Celik,
  %    \emph{The stochastic queue p-median problem},
  %    Transportation Science, volume 21, no. 3, pages 207--216, INFORMS,1987.

  @article{goldberg1990validating,
    title={Validating and applying a model for locating emergency medical vehicles in Tuczon, AZ},
    author={Goldberg, Jeffrey and Dietrich, Robert and Chen, Jen Ming and Mitwasi, M George and Valenzuela, Terry and Criss, Elizabeth},
    journal={European Journal of Operational Research},
    volume={49},
    number={3},
    pages={308--324},
    year={1990},
    publisher={Elsevier}
  }
  %  \bibitem{goldberg1990validating}
  %    Goldberg, Jeffrey and Dietrich, Robert and Chen, Jen Ming and Mitwasi, M George and Valenzuela, Terry and Criss, Elizabeth,
  %    \emph{Validating and applying a model for locating emergency medical vehicles in Tuczon, AZ},
  %    European Journal of Operational Research, volume 49, no. 3, pages 308--324, Elsevier, 1990.

  %  \bibitem{marianov1998probabilistic}
  %    Marianov, Vladimir and Serra, Daniel,
  %    \emph{Probabilistic maximal covering location-allocation models for congested systems}
  %    Journal of Regional Science, volume 38, number 3, pages 401--424, Wiley Online Library,1998.

  %  \bibitem{rajagopalan2008multiperiod}
  %    Rajagopalan, Hari K and Saydam, Cem and Xiao, Jing,
  %    \emph{A multiperiod set covering location model for dynamic redeployment of ambulances},
  %    Computers Operations Research, volume 35, no. 3, pages 814--826, Elsevier, 2008

  %  \bibitem{pereira2015hybrid}
  %    Pereira, Marcos A and Coelho, Leandro C and Lorena, Luiz AN and De Souza, Ligia C,
  %    \emph{A hybrid method for the Probabilistic Maximal Covering Location--Allocation Problem},
  %    Computers \& Operations Research, volume 57, pages 51--59, Elsevier, 2015.
